@unpublished{NISTACM,
  author = {NIST},
  title = {A survey of access Control Models},
  note = {\url{http://csrc.nist.gov/news_events/privilege-management-workshop/PvM-Model-Survey-Aug26-2009.pdf}}
}
@article{ucon,
  author    = {Jaehong Park and
               Ravi S. Sandhu},
  title     = {The UCON\({}_{\mbox{ABC}}\) usage control model},
  journal   = {{ACM} Trans. Inf. Syst. Secur.},
  volume    = {7},
  number    = {1},
  pages     = {128--174},
  year      = {2004},
  url       = {http://doi.acm.org/10.1145/984334.984339},
  doi       = {10.1145/984334.984339},
  timestamp = {Thu, 09 Feb 2006 13:50:27 +0100},
  biburl    = {http://dblp.uni-trier.de/rec/bib/journals/tissec/ParkS04},
  bibsource = {dblp computer science bibliography, http://dblp.org}
}

@article{SurveyUsageControl,
  author    = {Aliaksandr Lazouski and
               Fabio Martinelli and
               Paolo Mori},
  title     = {Usage control in computer security: {A} survey},
  journal   = {Computer Science Review},
  volume    = {4},
  number    = {2},
  pages     = {81--99},
  year      = {2010},
  url       = {http://dx.doi.org/10.1016/j.cosrev.2010.02.002},
  doi       = {10.1016/j.cosrev.2010.02.002},
  timestamp = {Tue, 18 May 2010 13:41:37 +0200},
  biburl    = {http://dblp.uni-trier.de/rec/bib/journals/csr/LazouskiMM10},
  bibsource = {dblp computer science bibliography, http://dblp.org}
}

@inproceedings{UsageControlCloud,
  author    = {Aliaksandr Lazouski and
               Gaetano Mancini and
               Fabio Martinelli and
               Paolo Mori},
  title     = {Usage control in cloud systems},
  booktitle = {7th International Conference for Internet Technology and Secured Transactions,
               {ICITST} 2012, London, United Kingdom, December 10-12, 2012},
  pages     = {202--207},
  year      = {2012},
  crossref  = {DBLP:conf/icitst/2012},
  url       = {http://ieeexplore.ieee.org/xpl/freeabs_all.jsp?arnumber=6470943},
  timestamp = {Wed, 13 Mar 2013 18:06:18 +0100},
  biburl    = {http://dblp.uni-trier.de/rec/bib/conf/icitst/LazouskiMMM12},
  bibsource = {dblp computer science bibliography, http://dblp.org}
}

@proceedings{IEEE,
  editor    = {Nick Savage and
               Safwan El Assad and
               Charles A. Shoniregun},
  title     = {Usage Control Enforcement},
  publisher = {{IEEE}},
  year      = {2008},
  url       = {http://mediatum.ub.tum.de/doc/1246264/file.pdf}
}

@article{uconSN,
  author    = {Jaehong Park, Ravi Sandhu},
  title     = {A Position Paper: A Usage Control (UCON) Model for Social Networks Privacy},
  url       = {https://www.w3.org/2010/policy-ws/papers/17-Park-Sandhu-UTSA.pdf}
}

@article{UCRT,
  author    = {Leanid Krautsevich, Aliaksandr Lazouski, Fabio Martinelli, Paolo Mori, Artsiom Yautsiukhin},
  title     = {Usage Control, Risk and Trust},
  url       = {http://wwwold.iit.cnr.it/staff/artsiom.yautsiukhin/Resources/KRAU-10-TRUSTBUS.pdf}
}

@proceedings{DBLP:conf/icitst/2012,
  editor    = {Alexander Pretschner, Manuel Hilty, Florian Schutz, Christian Schaefer, Thomas Wlater},
  title     = {7th International Conference for Internet Technology and Secured Transactions,
               {ICITST} 2012, London, United Kingdom, December 10-12, 2012},
  publisher = {{IEEE}},
  year      = {2012},
  url       = {http://ieeexplore.ieee.org/xpl/mostRecentIssue.jsp?punumber=6459616},
  isbn      = {978-1-4673-5325-0},
  timestamp = {Wed, 13 Mar 2013 18:05:51 +0100},
  biburl    = {http://dblp.uni-trier.de/rec/bib/conf/icitst/2012},
  bibsource = {dblp computer science bibliography, http://dblp.org}
}

@inproceedings{Park1,
  author    = {Jaehong Park and
               Ravi S. Sandhu},
  title     = {Towards usage control models: beyond traditional access control},
  booktitle = {{SACMAT}},
  pages     = {57--64},
  year      = {2002},
  url       = {http://doi.acm.org/10.1145/507711.507722},
  doi       = {10.1145/507711.507722},
  timestamp = {Tue, 02 Jul 2002 16:01:09 +0200},
  biburl    = {http://dblp.uni-trier.de/rec/bib/conf/sacmat/ParkS02},
  bibsource = {dblp computer science bibliography, http://dblp.org}
}
@phdthesis{Park2,
  author = {Jaehong Park},
  title = {Usage control: A unified framework for next generation access control},
  school = {George Mason University},
  year = {2003}
  }

@manual{FacplGuide,
  title = {FACPL guide},
  note = {\url{http://facpl.sourceforge.net/guide/facpl_guide.html}}
}
@unpublished{fullfacpl,
  author = {Andrea Margheri and Massimiliano Masi and Rosario Pugliese and Francesco Tiezzi},
  title = {A Formal Framework for Specification, Analysis and Enforcement of Access Control Policies},
  note = {}
}
@misc{nistsite,
  author = {Eric Chabrow},
  title = {NIST Guide Aims to Ease Access Control},
  note = {\url{http://www.bankinfosecurity.com/nist-publication-aims-to-ease-access-control-a-6612/op-1}}
}
@misc{Grammatica,
  title = {Information technology - Syntactic metalanguage - Extended BNF},
  note = {ISO/IEC 14977}
}
@masterthesis{TesiMargheri,
  author = {Andrea Margheri},
  title = {Progetto e realizzazione di un linguaggio formale per il controllo degli accessi
  basato su politiche},
  school = {Università degli studi di Firenze, Facoltà di Scienze Matematiche Fisiche e Naturali,
  Corso di laurea in Informatica magistrale},
  year = {2011/12},
  note = {Tesi di laurea magistrale in Informatica}
}
