@inproceedings{ACL,
  author    = {John F. Barkley},
  title     = {Comparing simple role based access control models and access control
               lists},
  booktitle = {{ACM} Workshop on Role-Based Access Control},
  pages     = {127--132},
  year      = {1997},
  url       = {http://doi.acm.org/10.1145/266741.266769},
  doi       = {10.1145/266741.266769},
  timestamp = {Tue, 17 Dec 2002 13:42:54 +0100},
  biburl    = {http://dblp.uni-trier.de/rec/bib/conf/rbac/Barkley97},
  language  = {Italian},
  bibsource = {dblp computer science bibliography, http://dblp.org}
}
@inproceedings{RBAC,
  author    = {Ravi S. Sandhu and
               David F. Ferraiolo and
               D. Richard Kuhn},
  title     = {The {NIST} model for role-based access control: towards a unified
               standard},
  booktitle = {{ACM} Workshop on Role-Based Access Control},
  pages     = {47--63},
  year      = {2000},
  url       = {http://doi.acm.org/10.1145/344287.344301},
  doi       = {10.1145/344287.344301},
  timestamp = {Tue, 17 Dec 2002 13:43:52 +0100},
  biburl    = {http://dblp.uni-trier.de/rec/bib/conf/rbac/SandhuFK00},
  language  = {Italian},
  bibsource = {dblp computer science bibliography, http://dblp.org}
}
@article{ABAC,
  author    = {Vincent C. Hu and
               D. Richard Kuhn and
               David F. Ferraiolo},
  title     = {Attribute-Based Access Control},
  journal   = {{IEEE} Computer},
  volume    = {48},
  number    = {2},
  pages     = {85--88},
  year      = {2015},
  url       = {http://dx.doi.org/10.1109/MC.2015.33},
  doi       = {10.1109/MC.2015.33},
  timestamp = {Wed, 16 Dec 2015 10:09:32 +0100},
  biburl    = {http://dblp.uni-trier.de/rec/bib/journals/computer/HuKF15},
  language  = {Italian},
  bibsource = {dblp computer science bibliography, http://dblp.org}
}
@unpublished{NISTACM,
  author = {NIST},
  title = {A survey of access Control Models},
  language  = {Italian},
  note = {\url{http://csrc.nist.gov/news_events/privilege-management-workshop/PvM-Model-Survey-Aug26-2009.pdf}}
}
@article{uconSN,
  author    = {Jaehong Park and
               Ravi S. Sandhu and
               Yuan Cheng},
  title     = {A User-Activity-Centric Framework for Access Control in Online Social
               Networks},
  journal   = {{IEEE} Internet Computing},
  volume    = {15},
  number    = {5},
  pages     = {62--65},
  year      = {2011},
  url       = {http://dx.doi.org/10.1109/MIC.2011.30},
  doi       = {10.1109/MIC.2011.30},
  timestamp = {Wed, 16 Mar 2016 09:20:42 +0100},
  biburl    = {http://dblp.uni-trier.de/rec/bib/journals/internet/ParkSC11a},
  language  = {Italian},
  bibsource = {dblp computer science bibliography, http://dblp.org}
}
@article{ucon,
  author    = {Jaehong Park and
               Ravi S. Sandhu},
  title     = {The UCON\({}_{\mbox{ABC}}\) usage control model},
  journal   = {{ACM} Trans. Inf. Syst. Secur.},
  volume    = {7},
  number    = {1},
  pages     = {128--174},
  year      = {2004},
  url       = {http://doi.acm.org/10.1145/984334.984339},
  doi       = {10.1145/984334.984339},
  timestamp = {Thu, 09 Feb 2006 13:50:27 +0100},
  biburl    = {http://dblp.uni-trier.de/rec/bib/journals/tissec/ParkS04},
  language  = {Italian},
  bibsource = {dblp computer science bibliography, http://dblp.org}
}
@inproceedings{UCRT,
  author    = {Leanid Krautsevich and
               Aliaksandr Lazouski and
               Fabio Martinelli and
               Paolo Mori and
               Artsiom Yautsiukhin},
  title     = {Usage Control, Risk and Trust},
  booktitle = {Trust, Privacy and Security in Digital Business, 7th International
               Conference, TrustBus 2010, Bilbao, Spain, August 30-31, 2010. Proceedings},
  pages     = {1--12},
  year      = {2010},
  crossref  = {DBLP:conf/trustbus/2010},
  url       = {http://dx.doi.org/10.1007/978-3-642-15152-1_1},
  doi       = {10.1007/978-3-642-15152-1_1},
  timestamp = {Wed, 08 Sep 2010 14:42:14 +0200},
  biburl    = {http://dblp.uni-trier.de/rec/bib/conf/trustbus/KrautsevichLMMY10},
  language  = {Italian},
  bibsource = {dblp computer science bibliography, http://dblp.org}
}
@proceedings{DBLP:conf/trustbus/2010,
  editor    = {Sokratis K. Katsikas and
               Javier Lopez and
               Miguel Soriano},
  title     = {Trust, Privacy and Security in Digital Business, 7th International
               Conference, TrustBus 2010, Bilbao, Spain, August 30-31, 2010. Proceedings},
  series    = {Lecture Notes in Computer Science},
  volume    = {6264},
  publisher = {Springer},
  year      = {2010},
  url       = {http://dx.doi.org/10.1007/978-3-642-15152-1},
  doi       = {10.1007/978-3-642-15152-1},
  isbn      = {978-3-642-15151-4},
  timestamp = {Wed, 08 Sep 2010 14:36:37 +0200},
  biburl    = {http://dblp.uni-trier.de/rec/bib/conf/trustbus/2010},
  language  = {Italian},
  bibsource = {dblp computer science bibliography, http://dblp.org}
}
@article{IEEE,
  author    = {Alexander Pretschner and
               Manuel Hilty and
               Florian Sch{\"{u}}tz and
               Christian Schaefer and
               Thomas Walter},
  title     = {Usage Control Enforcement: Present and Future},
  journal   = {{IEEE} Security {\&} Privacy},
  volume    = {6},
  number    = {4},
  pages     = {44--53},
  year      = {2008},
  url       = {http://dx.doi.org/10.1109/MSP.2008.101},
  doi       = {10.1109/MSP.2008.101},
  timestamp = {Wed, 09 Mar 2016 14:51:02 +0100},
  biburl    = {http://dblp.uni-trier.de/rec/bib/journals/ieeesp/PretschnerHSSW08},
  language  = {Italian},
  bibsource = {dblp computer science bibliography, http://dblp.org}
}
@article{SurveyUsageControl,
  author    = {Aliaksandr Lazouski and
               Fabio Martinelli and
               Paolo Mori},
  title     = {Usage control in computer security: {A} survey},
  journal   = {Computer Science Review},
  volume    = {4},
  number    = {2},
  pages     = {81--99},
  year      = {2010},
  url       = {http://dx.doi.org/10.1016/j.cosrev.2010.02.002},
  doi       = {10.1016/j.cosrev.2010.02.002},
  timestamp = {Tue, 18 May 2010 13:41:37 +0200},
  biburl    = {http://dblp.uni-trier.de/rec/bib/journals/csr/LazouskiMM10},
  language  = {Italian},
  bibsource = {dblp computer science bibliography, http://dblp.org}
}
@manual{Xtext,
  title = {Xtext Documentation},
  language  = {Italian},
  note = {\url{https://eclipse.org/Xtext/documentation/}}
}
@manual{Xtend,
  title = {Xtend Documentation},
  language  = {Italian},
  note ={\url{http://www.eclipse.org/xtend/documentation/index.html}}
}
@manual{FacplGuide,
  title = {FACPL guide},
  language  = {Italian},
  note = {\url{http://facpl.sourceforge.net/guide/facpl_guide.html}}
}
@unpublished{fullfacpl,
  author = {Andrea Margheri and Massimiliano Masi and Rosario Pugliese and Francesco Tiezzi},
  language  = {Italian},
  title = {A Formal Framework for Specification, Analysis and Enforcement of Access Control Policies},
  note = {Manoscritto sottoposto per la pubblicazione, 2016}
}
@masterthesis{TesiMargheri,
  author = {Andrea Margheri},
  title = {Progetto e realizzazione di un linguaggio formale per il controllo degli accessi
  basato su politiche},
  school = {Università degli studi di Firenze, Facoltà di Scienze Matematiche Fisiche e Naturali,
  Corso di laurea in Informatica magistrale},
  year = {2011/12},
  language  = {Italian},
  note = {Tesi di laurea magistrale in Informatica}
}
